@book{SR,
    title = {Introduction to Special Relativity },
    author = {Robert Resnick},
    year = {1968},
    publisher = {John Wiley and Sons, Inc.},
}
@book{dinv,
    title = {Introducing Einstein's Relativity},
    author = {Ray d'Inverno},
    year = {1992},
    publisher = {Oxford University Press},
}
@book{wald,
    title = {General Relativity},
    author = {Robert Wald},
    year = {1984},
    publisher = {University of Chicago Press},
}
@book{MTW,
    title = {Gravitation},
    author = {Charles W. Misner and Kip S. Thorne and John Archibald Wheeler},
    year = {1973},
    publisher = {W. H. Freeman, Princeton University Press},
}
@book{SC,
    title = {the mathematical theory of black holes},
    author = {Subrahmanyan Chandrasekhar},
    year = {1983},
    publisher = {Oxford University Press},
}
@book{hae,
    title = {The Large Scale Structure of Space-Time},
    author = {Stephen Hawking and George Ellis},
    year = {1973},
    publisher = {Cambridge University Press},
}